%YAML 1.1
%TAG !u! tag:unity3d.com,2011:
--- !u!1 &326463423579017399
GameObject:
  m_ObjectHideFlags: 0
  m_CorrespondingSourceObject: {fileID: 0}
  m_PrefabInstance: {fileID: 0}
  m_PrefabAsset: {fileID: 0}
  serializedVersion: 6
  m_Component:
  - component: {fileID: 326463423579017398}
  - component: {fileID: 326463423579017387}
  - component: {fileID: 326463423579017396}
  - component: {fileID: 326463423579017397}
  m_Layer: 0
  m_Name: Sphere
  m_TagString: Untagged
  m_Icon: {fileID: 0}
  m_NavMeshLayer: 0
  m_StaticEditorFlags: 0
  m_IsActive: 1
--- !u!4 &326463423579017398
Transform:
  m_ObjectHideFlags: 0
  m_CorrespondingSourceObject: {fileID: 0}
  m_PrefabInstance: {fileID: 0}
  m_PrefabAsset: {fileID: 0}
  m_GameObject: {fileID: 326463423579017399}
  m_LocalRotation: {x: -0, y: -0, z: -0, w: 1}
  m_LocalPosition: {x: 0, y: 0, z: 0}
  m_LocalScale: {x: 1, y: 1, z: 1}
  m_Children: []
  m_Father: {fileID: 326463425311188924}
  m_RootOrder: 0
  m_LocalEulerAnglesHint: {x: 0, y: 0, z: 0}
--- !u!33 &326463423579017387
MeshFilter:
  m_ObjectHideFlags: 0
  m_CorrespondingSourceObject: {fileID: 0}
  m_PrefabInstance: {fileID: 0}
  m_PrefabAsset: {fileID: 0}
  m_GameObject: {fileID: 326463423579017399}
  m_Mesh: {fileID: 10207, guid: 0000000000000000e000000000000000, type: 0}
--- !u!23 &326463423579017396
MeshRenderer:
  m_ObjectHideFlags: 0
  m_CorrespondingSourceObject: {fileID: 0}
  m_PrefabInstance: {fileID: 0}
  m_PrefabAsset: {fileID: 0}
  m_GameObject: {fileID: 326463423579017399}
  m_Enabled: 1
  m_CastShadows: 1
  m_ReceiveShadows: 1
  m_DynamicOccludee: 1
  m_MotionVectors: 1
  m_LightProbeUsage: 1
  m_ReflectionProbeUsage: 1
  m_RayTracingMode: 2
  m_RenderingLayerMask: 1
  m_RendererPriority: 0
  m_Materials:
  - {fileID: 10303, guid: 0000000000000000f000000000000000, type: 0}
  m_StaticBatchInfo:
    firstSubMesh: 0
    subMeshCount: 0
  m_StaticBatchRoot: {fileID: 0}
  m_ProbeAnchor: {fileID: 0}
  m_LightProbeVolumeOverride: {fileID: 0}
  m_ScaleInLightmap: 1
  m_ReceiveGI: 1
  m_PreserveUVs: 0
  m_IgnoreNormalsForChartDetection: 0
  m_ImportantGI: 0
  m_StitchLightmapSeams: 1
  m_SelectedEditorRenderState: 3
  m_MinimumChartSize: 4
  m_AutoUVMaxDistance: 0.5
  m_AutoUVMaxAngle: 89
  m_LightmapParameters: {fileID: 0}
  m_SortingLayerID: 0
  m_SortingLayer: 0
  m_SortingOrder: 0
--- !u!135 &326463423579017397
SphereCollider:
  m_ObjectHideFlags: 0
  m_CorrespondingSourceObject: {fileID: 0}
  m_PrefabInstance: {fileID: 0}
  m_PrefabAsset: {fileID: 0}
  m_GameObject: {fileID: 326463423579017399}
  m_Material: {fileID: 0}
  m_IsTrigger: 0
  m_Enabled: 1
  serializedVersion: 2
  m_Radius: 0.5
  m_Center: {x: 0, y: 0, z: 0}
--- !u!1 &326463425311188926
GameObject:
  m_ObjectHideFlags: 0
  m_CorrespondingSourceObject: {fileID: 0}
  m_PrefabInstance: {fileID: 0}
  m_PrefabAsset: {fileID: 0}
  serializedVersion: 6
  m_Component:
  - component: {fileID: 326463425311188924}
  - component: {fileID: 326463425311188925}
  m_Layer: 0
  m_Name: Fire1
  m_TagString: Untagged
  m_Icon: {fileID: 0}
  m_NavMeshLayer: 0
  m_StaticEditorFlags: 0
  m_IsActive: 1
--- !u!4 &326463425311188924
Transform:
  m_ObjectHideFlags: 0
  m_CorrespondingSourceObject: {fileID: 0}
  m_PrefabInstance: {fileID: 0}
  m_PrefabAsset: {fileID: 0}
  m_GameObject: {fileID: 326463425311188926}
  m_LocalRotation: {x: -0, y: -0, z: -0, w: 1}
  m_LocalPosition: {x: 0, y: 0, z: 0}
  m_LocalScale: {x: 0.02, y: 0.02, z: 0.02}
  m_Children:
  - {fileID: 326463423579017398}
  - {fileID: 752326011104861638}
  - {fileID: 752326010052935689}
  - {fileID: 752326010228852918}
  m_Father: {fileID: 0}
  m_RootOrder: 0
  m_LocalEulerAnglesHint: {x: 0, y: 0, z: 0}
--- !u!114 &326463425311188925
MonoBehaviour:
  m_ObjectHideFlags: 0
  m_CorrespondingSourceObject: {fileID: 0}
  m_PrefabInstance: {fileID: 0}
  m_PrefabAsset: {fileID: 0}
  m_GameObject: {fileID: 326463425311188926}
  m_Enabled: 1
  m_EditorHideFlags: 0
  m_Script: {fileID: 11500000, guid: f0c1ed374b7e69844bee3bdf1710eb66, type: 3}
  m_Name: 
  m_EditorClassIdentifier: 
  player: {fileID: 0}
  touche_clavier_addFire: 32
  fireIntensity: 60
  extinguishingTimePerSecond: 1
  maxIntensity: 200
  strongThreshold: 50
  mediumThreshold: 25
  weakThreshold: 10
  addingWoodTime: 40
--- !u!1001 &1007247175111703085
PrefabInstance:
  m_ObjectHideFlags: 0
  serializedVersion: 2
  m_Modification:
    m_TransformParent: {fileID: 326463425311188924}
    m_Modifications:
    - target: {fileID: -8679921383154817045, guid: 6f9bfa4293161a54c9eb6cacb74ffeeb,
        type: 3}
      propertyPath: m_LocalPosition.x
      value: 0
      objectReference: {fileID: 0}
    - target: {fileID: -8679921383154817045, guid: 6f9bfa4293161a54c9eb6cacb74ffeeb,
        type: 3}
      propertyPath: m_LocalPosition.y
      value: -3
      objectReference: {fileID: 0}
    - target: {fileID: -8679921383154817045, guid: 6f9bfa4293161a54c9eb6cacb74ffeeb,
        type: 3}
      propertyPath: m_LocalPosition.z
      value: 0
      objectReference: {fileID: 0}
    - target: {fileID: -8679921383154817045, guid: 6f9bfa4293161a54c9eb6cacb74ffeeb,
        type: 3}
      propertyPath: m_LocalRotation.x
      value: 0
      objectReference: {fileID: 0}
    - target: {fileID: -8679921383154817045, guid: 6f9bfa4293161a54c9eb6cacb74ffeeb,
        type: 3}
      propertyPath: m_LocalRotation.y
      value: 0
      objectReference: {fileID: 0}
    - target: {fileID: -8679921383154817045, guid: 6f9bfa4293161a54c9eb6cacb74ffeeb,
        type: 3}
      propertyPath: m_LocalRotation.z
      value: 0
      objectReference: {fileID: 0}
    - target: {fileID: -8679921383154817045, guid: 6f9bfa4293161a54c9eb6cacb74ffeeb,
        type: 3}
      propertyPath: m_LocalRotation.w
      value: 1
      objectReference: {fileID: 0}
    - target: {fileID: -8679921383154817045, guid: 6f9bfa4293161a54c9eb6cacb74ffeeb,
        type: 3}
      propertyPath: m_RootOrder
      value: 1
      objectReference: {fileID: 0}
    - target: {fileID: -8679921383154817045, guid: 6f9bfa4293161a54c9eb6cacb74ffeeb,
        type: 3}
      propertyPath: m_LocalEulerAnglesHint.x
      value: 0
      objectReference: {fileID: 0}
    - target: {fileID: -8679921383154817045, guid: 6f9bfa4293161a54c9eb6cacb74ffeeb,
        type: 3}
      propertyPath: m_LocalEulerAnglesHint.y
      value: 0
      objectReference: {fileID: 0}
    - target: {fileID: -8679921383154817045, guid: 6f9bfa4293161a54c9eb6cacb74ffeeb,
        type: 3}
      propertyPath: m_LocalEulerAnglesHint.z
      value: 0
      objectReference: {fileID: 0}
    - target: {fileID: -8679921383154817045, guid: 6f9bfa4293161a54c9eb6cacb74ffeeb,
        type: 3}
      propertyPath: m_LocalScale.x
      value: 18
      objectReference: {fileID: 0}
    - target: {fileID: -8679921383154817045, guid: 6f9bfa4293161a54c9eb6cacb74ffeeb,
        type: 3}
      propertyPath: m_LocalScale.y
      value: 18
      objectReference: {fileID: 0}
    - target: {fileID: -8679921383154817045, guid: 6f9bfa4293161a54c9eb6cacb74ffeeb,
        type: 3}
      propertyPath: m_LocalScale.z
      value: 18
      objectReference: {fileID: 0}
    - target: {fileID: 919132149155446097, guid: 6f9bfa4293161a54c9eb6cacb74ffeeb,
        type: 3}
      propertyPath: m_Name
      value: fire_strong
      objectReference: {fileID: 0}
    - target: {fileID: 919132149155446097, guid: 6f9bfa4293161a54c9eb6cacb74ffeeb,
        type: 3}
      propertyPath: m_IsActive
      value: 0
      objectReference: {fileID: 0}
    m_RemovedComponents: []
  m_SourcePrefab: {fileID: 100100000, guid: 6f9bfa4293161a54c9eb6cacb74ffeeb, type: 3}
--- !u!4 &752326011104861638 stripped
Transform:
  m_CorrespondingSourceObject: {fileID: -8679921383154817045, guid: 6f9bfa4293161a54c9eb6cacb74ffeeb,
    type: 3}
  m_PrefabInstance: {fileID: 1007247175111703085}
  m_PrefabAsset: {fileID: 0}
--- !u!1001 &1007247175962799965
PrefabInstance:
  m_ObjectHideFlags: 0
  serializedVersion: 2
  m_Modification:
    m_TransformParent: {fileID: 326463425311188924}
    m_Modifications:
    - target: {fileID: -8679921383154817045, guid: b59d1b898b7ab8c45b8629f94de5fb97,
        type: 3}
      propertyPath: m_LocalPosition.x
      value: 0
      objectReference: {fileID: 0}
    - target: {fileID: -8679921383154817045, guid: b59d1b898b7ab8c45b8629f94de5fb97,
        type: 3}
      propertyPath: m_LocalPosition.y
      value: -5
      objectReference: {fileID: 0}
    - target: {fileID: -8679921383154817045, guid: b59d1b898b7ab8c45b8629f94de5fb97,
        type: 3}
      propertyPath: m_LocalPosition.z
      value: 0
      objectReference: {fileID: 0}
    - target: {fileID: -8679921383154817045, guid: b59d1b898b7ab8c45b8629f94de5fb97,
        type: 3}
      propertyPath: m_LocalRotation.x
      value: 0
      objectReference: {fileID: 0}
    - target: {fileID: -8679921383154817045, guid: b59d1b898b7ab8c45b8629f94de5fb97,
        type: 3}
      propertyPath: m_LocalRotation.y
      value: 0
      objectReference: {fileID: 0}
    - target: {fileID: -8679921383154817045, guid: b59d1b898b7ab8c45b8629f94de5fb97,
        type: 3}
      propertyPath: m_LocalRotation.z
      value: 0
      objectReference: {fileID: 0}
    - target: {fileID: -8679921383154817045, guid: b59d1b898b7ab8c45b8629f94de5fb97,
        type: 3}
      propertyPath: m_LocalRotation.w
      value: 1
      objectReference: {fileID: 0}
    - target: {fileID: -8679921383154817045, guid: b59d1b898b7ab8c45b8629f94de5fb97,
        type: 3}
      propertyPath: m_RootOrder
      value: 3
      objectReference: {fileID: 0}
    - target: {fileID: -8679921383154817045, guid: b59d1b898b7ab8c45b8629f94de5fb97,
        type: 3}
      propertyPath: m_LocalEulerAnglesHint.x
      value: 0
      objectReference: {fileID: 0}
    - target: {fileID: -8679921383154817045, guid: b59d1b898b7ab8c45b8629f94de5fb97,
        type: 3}
      propertyPath: m_LocalEulerAnglesHint.y
      value: 0
      objectReference: {fileID: 0}
    - target: {fileID: -8679921383154817045, guid: b59d1b898b7ab8c45b8629f94de5fb97,
        type: 3}
      propertyPath: m_LocalEulerAnglesHint.z
      value: 0
      objectReference: {fileID: 0}
    - target: {fileID: -8679921383154817045, guid: b59d1b898b7ab8c45b8629f94de5fb97,
        type: 3}
      propertyPath: m_LocalScale.x
      value: 18
      objectReference: {fileID: 0}
    - target: {fileID: -8679921383154817045, guid: b59d1b898b7ab8c45b8629f94de5fb97,
        type: 3}
      propertyPath: m_LocalScale.y
      value: 18
      objectReference: {fileID: 0}
    - target: {fileID: -8679921383154817045, guid: b59d1b898b7ab8c45b8629f94de5fb97,
        type: 3}
      propertyPath: m_LocalScale.z
      value: 18
      objectReference: {fileID: 0}
    - target: {fileID: 919132149155446097, guid: b59d1b898b7ab8c45b8629f94de5fb97,
        type: 3}
      propertyPath: m_Name
      value: fire_low
      objectReference: {fileID: 0}
    - target: {fileID: 919132149155446097, guid: b59d1b898b7ab8c45b8629f94de5fb97,
        type: 3}
      propertyPath: m_IsActive
      value: 0
      objectReference: {fileID: 0}
    m_RemovedComponents: []
  m_SourcePrefab: {fileID: 100100000, guid: b59d1b898b7ab8c45b8629f94de5fb97, type: 3}
--- !u!4 &752326010228852918 stripped
Transform:
  m_CorrespondingSourceObject: {fileID: -8679921383154817045, guid: b59d1b898b7ab8c45b8629f94de5fb97,
    type: 3}
  m_PrefabInstance: {fileID: 1007247175962799965}
  m_PrefabAsset: {fileID: 0}
--- !u!1001 &1007247176138713058
PrefabInstance:
  m_ObjectHideFlags: 0
  serializedVersion: 2
  m_Modification:
    m_TransformParent: {fileID: 326463425311188924}
    m_Modifications:
    - target: {fileID: -8679921383154817045, guid: deb07a35133307a4988429a9ab6b575f,
        type: 3}
      propertyPath: m_LocalPosition.x
      value: 0
      objectReference: {fileID: 0}
    - target: {fileID: -8679921383154817045, guid: deb07a35133307a4988429a9ab6b575f,
        type: 3}
      propertyPath: m_LocalPosition.y
      value: -5
      objectReference: {fileID: 0}
    - target: {fileID: -8679921383154817045, guid: deb07a35133307a4988429a9ab6b575f,
        type: 3}
      propertyPath: m_LocalPosition.z
      value: 0
      objectReference: {fileID: 0}
    - target: {fileID: -8679921383154817045, guid: deb07a35133307a4988429a9ab6b575f,
        type: 3}
      propertyPath: m_LocalRotation.x
      value: 0
      objectReference: {fileID: 0}
    - target: {fileID: -8679921383154817045, guid: deb07a35133307a4988429a9ab6b575f,
        type: 3}
      propertyPath: m_LocalRotation.y
      value: 0
      objectReference: {fileID: 0}
    - target: {fileID: -8679921383154817045, guid: deb07a35133307a4988429a9ab6b575f,
        type: 3}
      propertyPath: m_LocalRotation.z
      value: 0
      objectReference: {fileID: 0}
    - target: {fileID: -8679921383154817045, guid: deb07a35133307a4988429a9ab6b575f,
        type: 3}
      propertyPath: m_LocalRotation.w
      value: 1
      objectReference: {fileID: 0}
    - target: {fileID: -8679921383154817045, guid: deb07a35133307a4988429a9ab6b575f,
        type: 3}
      propertyPath: m_RootOrder
      value: 2
      objectReference: {fileID: 0}
    - target: {fileID: -8679921383154817045, guid: deb07a35133307a4988429a9ab6b575f,
        type: 3}
      propertyPath: m_LocalEulerAnglesHint.x
      value: 0
      objectReference: {fileID: 0}
    - target: {fileID: -8679921383154817045, guid: deb07a35133307a4988429a9ab6b575f,
        type: 3}
      propertyPath: m_LocalEulerAnglesHint.y
      value: 0
      objectReference: {fileID: 0}
    - target: {fileID: -8679921383154817045, guid: deb07a35133307a4988429a9ab6b575f,
        type: 3}
      propertyPath: m_LocalEulerAnglesHint.z
      value: 0
      objectReference: {fileID: 0}
    - target: {fileID: -8679921383154817045, guid: deb07a35133307a4988429a9ab6b575f,
        type: 3}
      propertyPath: m_LocalScale.x
      value: 18
      objectReference: {fileID: 0}
    - target: {fileID: -8679921383154817045, guid: deb07a35133307a4988429a9ab6b575f,
        type: 3}
      propertyPath: m_LocalScale.y
      value: 18
      objectReference: {fileID: 0}
    - target: {fileID: -8679921383154817045, guid: deb07a35133307a4988429a9ab6b575f,
        type: 3}
      propertyPath: m_LocalScale.z
      value: 18
      objectReference: {fileID: 0}
    - target: {fileID: 919132149155446097, guid: deb07a35133307a4988429a9ab6b575f,
        type: 3}
      propertyPath: m_Name
      value: fire_medium
      objectReference: {fileID: 0}
    - target: {fileID: 919132149155446097, guid: deb07a35133307a4988429a9ab6b575f,
        type: 3}
      propertyPath: m_IsActive
      value: 0
      objectReference: {fileID: 0}
    m_RemovedComponents: []
  m_SourcePrefab: {fileID: 100100000, guid: deb07a35133307a4988429a9ab6b575f, type: 3}
--- !u!4 &752326010052935689 stripped
Transform:
  m_CorrespondingSourceObject: {fileID: -8679921383154817045, guid: deb07a35133307a4988429a9ab6b575f,
    type: 3}
  m_PrefabInstance: {fileID: 1007247176138713058}
  m_PrefabAsset: {fileID: 0}
